<?xml version="1.0" encoding="UTF-8"?><record xmlns="http://www.loc.gov/MARC21/slim" xmlns:cinclude="http://apache.org/cocoon/include/1.0" xmlns:zs="http://www.loc.gov/zing/srw/">
  <leader>00397nz  a2200121n  4500</leader>
  <controlfield tag="001">n 2003118787</controlfield>
  <controlfield tag="003">DLC</controlfield>
  <controlfield tag="005">20031119101035.0</controlfield>
  <controlfield tag="008">031119n| acannaabn          |n aaa      </controlfield>
  <datafield tag="010" ind1=" " ind2=" ">
    <subfield code="a">n 2003118787</subfield>
  </datafield>
  <datafield tag="040" ind1=" " ind2=" ">
    <subfield code="a">DLC</subfield>
    <subfield code="b">eng</subfield>
    <subfield code="c">DLC</subfield>
  </datafield>
  <datafield tag="100" ind1="1" ind2=" ">
    <subfield code="a">Lukaszewski, Albert L.,</subfield>
    <subfield code="d">1970-</subfield>
  </datafield>
  <datafield tag="670" ind1=" " ind2=" ">
    <subfield code="a">Bible. N.T. Greek. 2004. A reader's Greek New Testament, 2003:</subfield>
    <subfield code="b">CIP t.p. (Albert L. Lukaszewski) data sheet (b. Dec. 1, 1970)</subfield>
  </datafield>
</record>